<?xml version="1.0" encoding="UTF-8"?><record xmlns="http://www.loc.gov/MARC21/slim" xmlns:cinclude="http://apache.org/cocoon/include/1.0" xmlns:zs="http://www.loc.gov/zing/srw/">
  <leader>00386cz  a2200133n  4500</leader>
  <controlfield tag="001">no 98050970 </controlfield>
  <controlfield tag="003">DLC</controlfield>
  <controlfield tag="005">19980702052835.8</controlfield>
  <controlfield tag="008">980129n| acannaab|          |n aaa     c</controlfield>
  <datafield tag="010" ind1=" " ind2=" ">
    <subfield code="a">no 98050970 </subfield>
  </datafield>
  <datafield tag="035" ind1=" " ind2=" ">
    <subfield code="a">(OCoLC)oca04636867 </subfield>
  </datafield>
  <datafield tag="040" ind1=" " ind2=" ">
    <subfield code="a">MdU</subfield>
    <subfield code="c">MdU</subfield>
    <subfield code="d">NmU</subfield>
  </datafield>
  <datafield tag="100" ind1="1" ind2="0">
    <subfield code="a">Osland, Per</subfield>
  </datafield>
  <datafield tag="670" ind1=" " ind2=" ">
    <subfield code="a">Beyond the standard model V, c1997:</subfield>
    <subfield code="b">t.p. (Per Osland, Univ. of Bergen) p. 537 (Dept. of Physics)</subfield>
  </datafield>
</record>